|0000|010|0|01012009|31012009|Empresa Teste 2|10848620000239||MG|8563698830825|3131901|a|112223207|A|0|
|0001|1|
|0990|3|
|C001|1|
|C990|2|
|D001|1|
|D990|2|
|E001|1|
|E990|2|
|G001|1|
|G990|2|
|H001|1|
|H990|2|
|K001|1|
|K990|2|
|1001|1|
|1990|2|
|9001|0|
|9900|0000|1|
|9900|0001|1|
|9900|0990|1|
|9900|1001|1|
|9900|1990|1|
|9900|9001|1|
|9900|9990|1|
|9900|9999|1|
|9900|C001|1|
|9900|C990|1|
|9900|D001|1|
|9900|D990|1|
|9900|E001|1|
|9900|E990|1|
|9900|G001|1|
|9900|G990|1|
|9900|H001|1|
|9900|H990|1|
|9900|K001|1|
|9900|K990|1|
|9900|9900|21|
|9990|24|
|9999|41|
