|0000|002|0|01012009|31012009|10848620000139 GERA OIE PR|10848620000139||MG|8563698830824|3131901|a|112223206|A|0|
|0001|0|
|0005|a|11111111|a|a|a|a|aaaaaaaaaa|aaaaaaaaaa|a|
|0015|PR|9022073335|
|0100|a|03180325895|aaaaaaaaaaa|11111111000191|11111111|a|a|a|a|1111111111|1111111111|a|4106902|
|0150|11111111000191|Participante 1|132||||||a|a|a|a|
|0175|15012009|03|a|
|0190|KG|KG|
|0200|1|PREGO|a|a|KG|00|1|aaa|24|1111|10|
|0205|a|01062008|01062008|a|
|0206|110203073|
|0220|KG|1|
|0400|1|natureza|
|0450|MG1234|a|
|0460|77|a|
|0990|16|
|C001|0|
|C100|1|0|11111111000191|01|01|11|18||01062008|01062008|100|0|1|1|100|0|1|1|1|2|1|0|0|0|1|1|1|1|
|C110|MG1234|a|
|C111|a|0|
|C112|0|PR|1|a|1|01062008|01062008|
|C113|1|0|11111111000191|01|a|1|888|01062008|
|C114|02|a|1|888|01062008|
|C115|0|11111111000191|9022073335||4106902|11111111000191|9022073335||4106902|
|C130|1|1|1|1|1|1|1|
|C140|0|00|a|a|1|1|
|C141|1|01062008|1|
|C160|11111111000191|1234567|1|1|1|PR|
|C165|11111111000191|1234567|a|a|111111|1|1|1|1|a||PR|
|C170|1|1|a|1|KG|100|0|0|020|5110|1|2,9|1|1,39|0|0|0|0|00||0|1|0|01|0|1|0|1|0|01|0|0|0|1|0|a|
|C172|1|1|1|
|C173|a|1|01062008|01062008|0|0|1|
|C174|0|a|a|
|C175|0|11111111000191|PR|aaaaaaaaaaaaaaaaa|
|C176|01|888|a|01062008|11111111000191|1|1|1|
|C177|861009|111111111111|
|C178|IV-M|20|1|
|C179|1|1|1|1|1|
|C190|020|5110|1|100|2|1|0|0|1|0||
|C195|77|a|
|C197|MG10000004|a|1|1|1|1|1|
|C100|1|0|11111111000191|01|01|11|42||01062008|01062008|100|0|1|1|100|0|1|1|1|2|1|0|0|0|1|1|1|1|
|C110|MG1234|a|
|C111|a|0|
|C112|0|PR|1|a|1|01062008|01062008|
|C113|1|0|11111111000191|01|a|1|888|01062008|
|C114|02|a|1|888|01062008|
|C115|0|11111111000191|9022073335||4106902|11111111000191|9022073335||4106902|
|C130|1|1|1|1|1|1|1|
|C140|0|00|a|a|1|1|
|C141|1|01062008|1|
|C160|11111111000191|1234567|1|1|1|PR|
|C165|11111111000191|1234567|a|a|111111|1|1|1|1|a||PR|
|C170|1|1|a|1|KG|100|0|0|020|5110|1|2|1|1|0|0|0|0|00||0|1|0|01|0|1|0|1|0|01|0|0|0|1|0|a|
|C172|1|1|1|
|C173|a|1|01062008|01062008|0|0|1|
|C174|0|a|a|
|C175|0|11111111000191|PR|aaaaaaaaaaaaaaaaa|
|C176|01|888|a|01062008|11111111000191|1|1|1|
|C177|861009|111111111111|
|C178|IV-M|20|1|
|C179|1|1|1|1|1|
|C190|020|5110|1|100|2|1|0|0|1|0||
|C195|77|a|
|C197|MG10000004|a|1|1|1|1|1|
|C100|1|0|11111111000191|01|01|11|66||01062008|01062008|100|0|1|1|100|0|1|1|1|2|1|0|0|0|1|1|1|1|
|C110|MG1234|a|
|C111|a|0|
|C112|0|PR|1|a|1|01062008|01062008|
|C113|1|0|11111111000191|01|a|1|888|01062008|
|C114|02|a|1|888|01072008|
|C115|0|11111111000191|9022073335||4106902|11111111000191|9022073335||4106902|
|C130|1|1|1|1|1|1|1|
|C140|0|00|a|a|1|1|
|C141|1|01062008|1|
|C160|11111111000191|1234567|1|1|1|PR|
|C165|11111111000191|1234567|a|a|111111|1|1|1|1|a||PR|
|C170|1|1|a|1|KG|100|0|0|020|5110|1|2|1|1|0|0|0|0|00||0|1|0|01|0|1|0|1|0|01|0|0|0|1|0|a|
|C172|1|1|1|
|C173|a|1|01062008|01062008|0|0|1|
|C174|0|a|a|
|C175|0|11111111000191|PR|aaaaaaaaaaaaaaaaa|
|C176|01|888|a|01062008|11111111000191|1|1|1|
|C177|861009|111111111111|
|C178|IV-M|20|1|
|C179|1|1|1|1|1|
|C190|020|5110|1|100|2|1|0|0|1|0||
|C195|77|a|
|C197|MG10000004|a|1|1|1|1|1|
|C100|1|0|11111111000191|01|01|11|90||01062008|01062008|100|0|1|1|100|0|1|1|1|2|1|0|0|0|1|1|1|1|
|C110|MG1234|a|
|C111|a|0|
|C112|0|PR|1|a|1|01062008|01062008|
|C113|1|0|11111111000191|01|a|1|888|01062008|
|C114|02|a|1|888|01062008|
|C115|0|11111111000191|9022073335||4106902|11111111000191|9022073335||4106902|
|C130|1|1|1|1|1|1|1|
|C140|0|00|a|a|1|1|
|C141|1|01062008|1|
|C160|11111111000191|1234567|1|1|1|PR|
|C165|11111111000191|1234567|a|a|111111|1|1|1|1|a||PR|
|C170|1|1|a|1|KG|100|0|0|020|5110|1|2|1|1|0|0|0|0|00||0|1|0|01|0|1|0|1|0|01|0|0|0|1|0|a|
|C172|1|1|1|
|C173|a|1|01062008|01062008|0|0|1|
|C174|0|a|a|
|C175|0|11111111000191|PR|aaaaaaaaaaaaaaaaa|
|C176|01|888|a|01062008|11111111000191|1|1|1|
|C177|861009|111111111111|
|C178|IV-M|20|1|
|C179|1|1|1|1|1|
|C190|020|5110|1|100|2|1|0|0|1|0||
|C195|77|a|
|C197|MG10000004|a|1|1|1|1|1|
|C100|1|0|11111111000191|01|01|11|114||01062008|01062008|100|0|1|1|100|0|1|1|1|2|1|0|0|0|1|1|1|1|
|C110|MG1234|a|
|C111|a|0|
|C112|0|PR|1|a|1|01062008|01062008|
|C113|1|0|11111111000191|01|a|1|888|01062008|
|C114|02|a|1|888|01062008|
|C115|0|11111111000191|9022073335||4106902|11111111000191|9022073335||4106902|
|C130|1|1|1|1|1|1|1|
|C140|0|00|a|a|1|1|
|C141|1|01062008|1|
|C160|11111111000191|1234567|1|1|1|PR|
|C165|11111111000191|1234567|a|a|111111|1|1|1|1|a||PR|
|C170|1|1|a|1|KG|100|0|0|020|5110|1|2|1|1|0|0|0|0|00||0|1|0|01|0|1|0|1|0|01|0|0|0|1|0|a|
|C172|1|1|1|
|C173|a|1|01062008|01062008|0|0|1|
|C174|0|a|a|
|C175|0|11111111000191|PR|aaaaaaaaaaaaaaaaa|
|C176|01|888|a|01062008|11111111000191|1|1|1|
|C177|861009|111111111111|
|C178|IV-M|20|1|
|C179|1|1|1|1|1|
|C190|020|5110|1|100|2|1|0|0|1|0||
|C195|77|a|
|C197|MG10000004|a|1|1|1|1|1|
|C100|1|0|11111111000191|01|01|11|138||01062008|01062008|100|0|1|1|100|0|1|1|1|2|1|0|0|0|1|1|1|1|
|C110|MG1234|a|
|C111|a|0|
|C112|0|PR|1|a|1|01062008|01062008|
|C113|1|0|11111111000191|01|a|1|888|01062008|
|C114|02|a|1|888|01062008|
|C115|0|11111111000191|9022073335||4106902|11111111000191|9022073335||4106902|
|C130|1|1|1|1|1|1|1|
|C140|0|00|a|a|1|1|
|C141|1|01062008|1|
|C160|11111111000191|1234567|1|1|1|PR|
|C165|11111111000191|1234567|a|a|111111|1|1|1|1|a||PR|
|C170|1|1|a|1|KG|100|0|0|020|5110|1|2|1|1|0|0|0|0|00||0|1|0|01|0|1|0|1|0|01|0|0|0|1|0|a|
|C172|1|1|1|
|C173|a|1|01062008|01062008|0|0|1|
|C174|0|a|a|
|C175|0|11111111000191|PR|aaaaaaaaaaaaaaaaa|
|C176|01|888|a|01062008|11111111000191|1|1|1|
|C177|861009|111111111111|
|C178|IV-M|20|1|
|C179|1|1|1|1|1|
|C190|020|5110|1|100|2|1|0|0|1|0||
|C195|77|a|
|C197|MG10000004|a|1|1|1|1|1|
|C100|1|0|11111111000191|01|01|11|162||01062008|01062008|100|0|1|1|100|0|1|1|1|2|1|0|0|0|1|1|1|1|
|C110|MG1234|a|
|C111|a|0|
|C112|0|PR|1|a|1|01062008|01062008|
|C113|1|0|11111111000191|01|a|1|888|01062008|
|C114|02|a|1|888|01062008|
|C115|0|11111111000191|9022073335||4106902|11111111000191|9022073335||4106902|
|C130|1|1|1|1|1|1|1|
|C140|0|00|a|a|1|1|
|C141|1|01062008|1|
|C160|11111111000191|1234567|1|1|1|PR|
|C165|11111111000191|1234567|a|a|111111|1|1|1|1|a||PR|
|C170|1|1|a|1|KG|100|0|0|020|5110|1|2|1|1|0|0|0|0|00||0|1|0|01|0|1|0|1|0|01|0|0|0|1|0|a|
|C172|1|1|1|
|C173|a|1|01062008|01062008|0|0|1|
|C174|0|a|a|
|C175|0|11111111000191|PR|aaaaaaaaaaaaaaaaa|
|C176|01|888|a|01062008|11111111000191|1|1|1|
|C177|861009|111111111111|
|C178|IV-M|20|1|
|C179|1|1|1|1|1|
|C190|020|5110|1|100|2|1|0|0|1|0||
|C195|77|a|
|C197|MG10000004|a|1|1|1|1|1|
|C100|1|0|11111111000191|01|01|11|186||01062008|30062008|100|0|1|1|100|0|1|1|1|2|1|0|0|0|1|1|1|1|
|C110|MG1234|a|
|C111|a|0|
|C112|0|PR|1|a|1|01062008|01062008|
|C113|1|0|11111111000191|01|a|1|888|01062008|
|C114|02|a|1|888|01062008|
|C115|0|11111111000191|9022073335||4106902|11111111000191|9022073335||4106902|
|C130|1|1|1|1|1|1|1|
|C140|0|00|a|a|1|1|
|C141|1|01062008|1|
|C160|11111111000191|1234567|1|1|1|PR|
|C165|11111111000191|1234567|a|a|111111|1|1|1|1|a||PR|
|C170|1|1|a|1|KG|100|0|0|020|5110|1|2|1|1|0|0|0|0|00||0|1|0|01|0|1|0|1|0|01|0|0|0|1|0|a|
|C172|1|1|1|
|C173|a|1|01062008|01062008|0|0|1|
|C174|0|a|a|
|C175|0|11111111000191|PR|aaaaaaaaaaaaaaaaa|
|C176|01|888|a|01062008|11111111000191|1|1|1|
|C177|861009|111111111111|
|C178|IV-M|20|1|
|C179|1|1|1|1|1|
|C190|020|5110|1|100|2|1|0|0|1|0||
|C195|77|a|
|C197|MG10000004|a|1|1|1|1|1|
|C100|1|0|11111111000191|01|01|11|210||01062008|01062008|100|0|1|1|100|0|1|1|1|2|1|0|0|0|1|1|1|1|
|C110|MG1234|a|
|C111|a|0|
|C112|0|PR|1|a|1|01062008|01062008|
|C113|1|0|11111111000191|01|a|1|888|01062008|
|C114|02|a|1|888|01062008|
|C115|0|11111111000191|9022073335||4106902|11111111000191|9022073335||4106902|
|C130|1|1|1|1|1|1|1|
|C140|0|00|a|a|1|1|
|C141|1|01062008|1|
|C160|11111111000191|1234567|1|1|1|PR|
|C165|11111111000191|1234567|a|a|111111|1|1|1|1|a||PR|
|C170|1|1|a|1|KG|100|0|0|020|5110|1|2|1|1|0|0|0|0|00||0|1|0|01|0|1|0|1|0|01|0|0|0|1|0|a|
|C172|1|1|1|
|C173|a|1|01062008|01062008|0|0|1|
|C174|0|a|a|
|C175|0|11111111000191|PR|aaaaaaaaaaaaaaaaa|
|C176|01|888|a|01062008|11111111000191|1|1|1|
|C177|861009|111111111111|
|C178|IV-M|20|1|
|C179|1|1|1|1|1|
|C190|020|5110|1|100|2|1|0|0|1|0||
|C195|77|a|
|C197|MG10000004|a|1|1|1|1|1|
|C100|1|0|11111111000191|01|01|11|234||01062008|01062008|100|0|1|1|100|0|1|1|1|2|1|0|0|0|1|1|1|1|
|C110|MG1234|a|
|C111|a|0|
|C112|0|PR|1|a|1|01062008|01062008|
|C113|1|0|11111111000191|01|a|1|888|01062008|
|C114|02|a|1|888|01062008|
|C115|0|11111111000191|9022073335||4106902|11111111000191|9022073335||4106902|
|C130|1|1|1|1|1|1|1|
|C140|0|00|a|a|1|1|
|C141|1|01062008|1|
|C160|11111111000191|1234567|1|1|1|PR|
|C165|11111111000191|1234567|a|a|111111|1|1|1|1|a||PR|
|C170|1|1|a|1|KG|100|0|0|020|5110|1|2|1|1|0|0|0|0|00||0|1|0|01|0|1|0|1|0|01|0|0|0|1|0|a|
|C172|1|1|1|
|C173|a|1|01062008|01062008|0|0|1|
|C174|0|a|a|
|C175|0|11111111000191|PR|aaaaaaaaaaaaaaaaa|
|C176|01|888|a|01062008|11111111000191|1|1|1|
|C177|861009|111111111111|
|C178|IV-M|20|1|
|C179|1|1|1|1|1|
|C190|020|5110|1|100|2|1|0|0|1|0||
|C195|77|a|
|C197|MG10000004|a|1|1|1|1|1|
|C350|11|a|888|01062008|11111111000191|1|1|1|1|1|a|
|C370|111|1|1|KG|1|1|
|C390|020|5110|1|1|1|1|1|77|
|C400|2D|a|a|1|
|C405|01062008|1|1|1|1|1|
|C410|1|1|
|C420|DT|1|||
|C460|2D|00|888|01062008|50|1|1|11111111000191|aaaaaaaaaaaaaaaaaaaaaaaaaaaaaaaaaaaaaaaaaaaaaaaaaaaaaaaaaaaa|
|C470|1|1|1|KG|50|020|5110|1|1|1|
|C490|020|5110|1|1|50|1|77|
|C500|1|0|11111111000191|06|01|a|3|03|888|01062008|01062008|1|1|1|1|1|1|1|1|1|1|MG1234|1|1|||
|C510|1|1|0601|1|KG|1|1|090|5110|1|1|1|1|1|1|0|11111111000191|1|1|a|
|C590|090|5110|1|1|1|1|1|1|1|77|
|C700|06|a|1|1|01062008|01062008|aaaaaaaaaaaaaaa|aaaaaaaaaaaaaaaaaaaaaaaaaaaaaaaa|
|C790|020|5110|1|1|1|1|1|1|1|77|
|C791|PR|1|1|
|C990|258|
|D001|0|
|D100|0|0|11111111000191|07|01|a|1|888||01062008|01062008|1|11111111111111111111111111111111111111111111|1|1|0|1|1|1|1|MG1234|a|
|D190|020|5110|1|1|1|1|1|77|
|D990|4|
|E001|0|
|E100|01012009|31012009|
|E110|0|0|0|50|0|10|0|0|0|40|0|40|0|0|
|E111|MG010001|a|50|
|E112|1|a|0|a|a|
|E113|11111111000191|01|a|1|888|01062008|1|1|
|E115|MG000001|1|a|
|E116|000|40|01062008|a|a|0|000|a|012009|
|E200|PR|01012009|31012009|
|E210|0|850|0|30|5|0|0|0|0|0|0|0|885|0|
|E220|PR129999|a|5|
|E230|1|a|0|a|a|
|E240|11111111000191|01|a|1|888|01062008|1|1|
|E250|001|0|01062008|a|a|0|a|a|012009|
|E500|0|01012009|31012009|
|E510|5110|00|10|90|50|
|E520|0|50|0|30|0|0|80|
|E530|0|30|199|0|888|a|
|E990|19|
|H001|0|
|H005|01062008|1|01|
|H010|1|KG|1|1|1|0|11111111000191|77|a|
|H990|4|
|1001|0|
|1100|0|11111111111|01062008|0|111111111111|01062008|1111111111111111|01062008|01062008|11|220|
|1105|01|01|888||01062008|1|
|1110|11111111000191|01|01|888|01062008||1|1|KG|
|1200|MG010001|1|1|1|1|1|
|1210|MG01|a|1|
|1300|1|01012009|1|1|1|1|1|1|1|1|
|1310|1|1|1|1|1|1|1|1|1|
|1320|1|1|aaaaaaaaaaaaaaaaaaaaaaaaaaaaaaaaaaaaaaaaaaaaaaaaaa|aaaaaaaaaaaaaaaaaaaaaaaaaaaaaa|||1|1|1|1|
|1350|1909|a|a|1|
|1360|a|10062008|
|1370|1|1|1|
|1400|1|4106902|1|
|1500|1|0|11111111000191|06|00|a|1|11|888|01062008|01062008|1|1|1|1|1|1|1|1|1|1|MG1234|1|1|1|01|
|1510|1|1|0101|1|KG|1|1|090|6110|0|1|0|0|1|0|0|11111111000191|1|1|a|
|1600|11111111000191|1|1|
|1990|17|
|9001|0|
|9900|0000|1|
|9900|0001|1|
|9900|0005|1|
|9900|0015|1|
|9900|0100|1|
|9900|0150|1|
|9900|0175|1|
|9900|0190|1|
|9900|0200|1|
|9900|0205|1|
|9900|0206|1|
|9900|0220|1|
|9900|0400|1|
|9900|0450|1|
|9900|0460|1|
|9900|0990|1|
|9900|1001|1|
|9900|1100|1|
|9900|1105|1|
|9900|1110|1|
|9900|1200|1|
|9900|1210|1|
|9900|1300|1|
|9900|1310|1|
|9900|1320|1|
|9900|1350|1|
|9900|1360|1|
|9900|1370|1|
|9900|1400|1|
|9900|1500|1|
|9900|1510|1|
|9900|1600|1|
|9900|1990|1|
|9900|9001|1|
|9900|9990|1|
|9900|9999|1|
|9900|C001|1|
|9900|C100|10|
|9900|C110|10|
|9900|C111|10|
|9900|C112|10|
|9900|C113|10|
|9900|C114|10|
|9900|C115|10|
|9900|C130|10|
|9900|C140|10|
|9900|C141|10|
|9900|C160|10|
|9900|C165|10|
|9900|C170|10|
|9900|C172|10|
|9900|C173|10|
|9900|C174|10|
|9900|C175|10|
|9900|C176|10|
|9900|C177|10|
|9900|C178|10|
|9900|C179|10|
|9900|C190|10|
|9900|C195|10|
|9900|C197|10|
|9900|C350|1|
|9900|C370|1|
|9900|C390|1|
|9900|C400|1|
|9900|C405|1|
|9900|C410|1|
|9900|C420|1|
|9900|C460|1|
|9900|C470|1|
|9900|C490|1|
|9900|C500|1|
|9900|C510|1|
|9900|C590|1|
|9900|C700|1|
|9900|C790|1|
|9900|C791|1|
|9900|C990|1|
|9900|D001|1|
|9900|D100|1|
|9900|D190|1|
|9900|D990|1|
|9900|E001|1|
|9900|E100|1|
|9900|E110|1|
|9900|E111|1|
|9900|E112|1|
|9900|E113|1|
|9900|E115|1|
|9900|E116|1|
|9900|E200|1|
|9900|E210|1|
|9900|E220|1|
|9900|E230|1|
|9900|E240|1|
|9900|E250|1|
|9900|E500|1|
|9900|E510|1|
|9900|E520|1|
|9900|E530|1|
|9900|E990|1|
|9900|H001|1|
|9900|H005|1|
|9900|H010|1|
|9900|H990|1|
|9900|9900|106|
|9990|109|
|9999|427|
