|0000|002|0|01012009|31012009|Empresa Teste 3|10848620000339||MG|8563698830826|3131901|a|112223208|C|0|
|0001|0|
|0005|a|11111111|a|a|a|a|aaaaaaaaaa|aaaaaaaaaa|a|
|0015|PR|9022073335|
|0100|a|03180325895|aaaaaaaaaaa|11111111000191|11111111|a|a|a|a|1111111111|1111111111|a|4106902|
|0150|11111111000191|Participante 1|132||||||a|a|a|a|
|0175|15012009|03|a|
|0460|77|a|
|0990|9|
|C001|0|
|C100|1|0|11111111000191|01|01|11|234||01062008|01062008|100|0|1|1|100|0|1|1|1|2|1|0|0|0|1|1|1|1|
|C190|020|5110|1|100|2|1|0|0|1|0||
|C195|77|a|
|C197|MG10000004|a|1|1|1|1|1|
|C400|2D|a|a|1|
|C405|01062008|1|1|1|1|1|
|C420|DT|1|||
|C490|020|5110|1|1|50|1|77|
|C500|1|0|11111111000191|06|01|a|3|03|888|01062008|01062008|1|1|1|1|1|1|1|1|1|1|MG1234|1|1|||
|C590|090|5110|1|1|1|1|1|1|1|77|
|C990|12|
|D001|0|
|D100|0|0|11111111000191|07|01|a|1|888||01062008|01062008|1|11111111111111111111111111111111111111111111|1|1|0|1|1|1|1|MG1234|a|
|D190|020|5110|1|1|1|1|1|77|
|D990|4|
|E001|0|
|E100|01012009|31012009|
|E110|0|0|0|50|0|10|0|0|0|40|0|40|0|0|
|E111|MG010001|a|50|
|E112|1|a|0|a|a|
|E113|11111111000191|01|a|1|888|01062008|1|1|
|E115|MG000001|1|a|
|E116|000|40|01062008|a|a|0|000|a|012009|
|E200|PR|01012009|31012009|
|E210|0|850|0|30|5|0|0|0|0|0|0|0|885|0|
|E220|PR129999|a|5|
|E230|1|a|0|a|a|
|E240|11111111000191|01|a|1|888|01062008|1|1|
|E250|001|0|01062008|a|a|0|a|a|012009|
|E500|0|01012009|31012009|
|E510|5110|00|10|90|50|
|E520|0|50|0|30|0|0|80|
|E530|0|30|199|0|888|a|
|E990|19|
|G001|1|
|G990|2|
|H001|0|
|H005|01062008|1|01|
|H010|1|KG|1|1|1|0|11111111000191|77|a||
|H990|4|
|K001|1|
|K990|2|
|1001|1|
|1990|2|
|9001|0|
|9900|0000|1|
|9900|0001|1|
|9900|0005|1|
|9900|0015|1|
|9900|0100|1|
|9900|0150|1|
|9900|0175|1|
|9900|0460|1|
|9900|0990|1|
|9900|1001|1|
|9900|1990|1|
|9900|9001|1|
|9900|9990|1|
|9900|9999|1|
|9900|C001|1|
|9900|C100|1|
|9900|C190|1|
|9900|C195|1|
|9900|C197|1|
|9900|C400|1|
|9900|C405|1|
|9900|C420|1|
|9900|C490|1|
|9900|C500|1|
|9900|C590|1|
|9900|C990|1|
|9900|D001|1|
|9900|D100|1|
|9900|D190|1|
|9900|D990|1|
|9900|E001|1|
|9900|E100|1|
|9900|E110|1|
|9900|E111|1|
|9900|E112|1|
|9900|E113|1|
|9900|E115|1|
|9900|E116|1|
|9900|E200|1|
|9900|E210|1|
|9900|E220|1|
|9900|E230|1|
|9900|E240|1|
|9900|E250|1|
|9900|E500|1|
|9900|E510|1|
|9900|E520|1|
|9900|E530|1|
|9900|E990|1|
|9900|G001|1|
|9900|G990|1|
|9900|H001|1|
|9900|H005|1|
|9900|H010|1|
|9900|H990|1|
|9900|K001|1|
|9900|K990|1|
|9900|9900|58|
|9990|61|
|9999|115|
