|0000|002|0|||01042011|30042011|EMPRESA TESTE|99999999000191|SP|3550308||00|0|
|0001|1|
|0990|3|
|A001|1|
|A990|2|
|C001|1|
|C990|2|
|D001|1|
|D990|2|
|F001|1|
|F990|2|
|M001|1|
|M990|2|
|P001|1|
|P990|2|
|1001|1|
|1990|2|
|9001|0|
|9900|0000|1|
|9900|0001|1|
|9900|0990|1|
|9900|1001|1|
|9900|1990|1|
|9900|9001|1|
|9900|9990|1|
|9900|9999|1|
|9900|A001|1|
|9900|A990|1|
|9900|C001|1|
|9900|C990|1|
|9900|D001|1|
|9900|D990|1|
|9900|F001|1|
|9900|F990|1|
|9900|M001|1|
|9900|M990|1|
|9900|P001|1|
|9900|P990|1|
|9900|9900|21|
|9990|24|
|9999|41|
